
@article{gabry2019,
	title = {Visualization in Bayesian Workflow},
	author = {Gabry, Jonah and Simpson, Daniel and Vehtari, Aki and Betancourt, Michael and Gelman, Andrew},
	year = {2019},
	month = {01},
	date = {2019-01-15},
	journal = {Journal of the Royal Statistical Society Series A: Statistics in Society},
	pages = {389--402},
	volume = {182},
	number = {2},
	doi = {10.1111/rssa.12378},
	url = {http://dx.doi.org/10.1111/rssa.12378},
	langid = {en}
}

@article{gelman2006,
	title = {Data Analysis Using Regression and Multilevel/Hierarchical Models},
	author = {Gelman, Andrew and Hill, Jennifer},
	year = {2006},
	month = {12},
	date = {2006-12-18},
	doi = {10.1017/cbo9780511790942},
	url = {http://dx.doi.org/10.1017/CBO9780511790942}
}
