
@article{gelman2006,
	title = {Data Analysis Using Regression and Multilevel/Hierarchical Models},
	author = {Gelman, Andrew and Hill, Jennifer},
	year = {2006},
	month = {12},
	date = {2006-12-18},
	doi = {10.1017/cbo9780511790942},
	url = {http://dx.doi.org/10.1017/cbo9780511790942}
}

@article{gorman2014,
	title = {Ecological Sexual Dimorphism and Environmental Variability within a Community of Antarctic Penguins (Genus Pygoscelis)},
	author = {Gorman, Kristen B. and Williams, Tony D. and Fraser, William R.},
	editor = {Chiaradia, {Andr√©}},
	year = {2014},
	month = {03},
	date = {2014-03-05},
	journal = {PLoS ONE},
	pages = {e90081},
	volume = {9},
	number = {3},
	doi = {10.1371/journal.pone.0090081},
	url = {http://dx.doi.org/10.1371/journal.pone.0090081},
	langid = {en}
}

@article{mcfadden2000,
	title = {Vehicle and Driver Attributes Affecting Distance from the Steering Wheel in Motor Vehicles},
	author = {McFadden, Michael and Powers, Jennifer and Brown, Wendy and Walker, Michelle},
	year = {2000},
	month = {12},
	date = {2000-12},
	journal = {Human Factors: The Journal of the Human Factors and Ergonomics Society},
	pages = {676--682},
	volume = {42},
	number = {4},
	doi = {10.1518/001872000779697971},
	url = {http://dx.doi.org/10.1518/001872000779697971},
	langid = {en}
}
