
@misc{r.a.fisher1936,
	title = {Iris},
	author = {{R. A. Fisher}},
	year = {1936},
	date = {1936},
	publisher = {UCI Machine Learning Repository},
	doi = {10.24432/C56C76},
	url = {https://archive.ics.uci.edu/dataset/53}
}
