
@article{anderson1936,
	title = {The Species Problem in Iris},
	author = {Anderson, Edgar},
	year = {1936},
	month = {09},
	date = {1936-09},
	journal = {Annals of the Missouri Botanical Garden},
	pages = {457},
	volume = {23},
	number = {3},
	doi = {10.2307/2394164},
	url = {http://dx.doi.org/10.2307/2394164}
}
